<?xml version="1.0" encoding="UTF-8"?><collection xmlns="http://www.loc.gov/MARC21/slim"><record><leader>00383nam--2200133-i-4500</leader><controlfield tag="001">000010323</controlfield><controlfield tag="002">20161230</controlfield><controlfield tag="005">20170208134049</controlfield><controlfield tag="008">060222s1000------------r-----000-0-eng-d</controlfield><datafield ind1=" " ind2=" " tag="245"><subfield code="a">Book of discontinued transistors. Vezi D.A.T.A</subfield></datafield><datafield ind1=" " ind2=" " tag="260"><subfield code="a">Orange, New Jersy</subfield><subfield code="b">D.A.T.A.Reference Standards For Industry</subfield><subfield code="c">1970</subfield></datafield><datafield ind1=" " ind2=" " tag="300"><subfield code="a">93 p</subfield></datafield><datafield ind1=" " ind2=" " tag="852"><subfield code="a">017:621.383.3</subfield></datafield><datafield ind1=" " ind2=" " tag="CAT"><subfield code="a">SYS</subfield><subfield code="c">20170208</subfield><subfield code="h">134049</subfield></datafield></record></collection>